@article{einstein,
    author =       "Albert Einstein",
    title =        "{Zur Elektrodynamik bewegter K{\"o}rper}. ({German})
        [{On} the electrodynamics of moving bodies]",
    journal =      "Annalen der Physik",
    volume =       "322",
    number =       "10",
    pages =        "891--921",
    year =         "1905",
    DOI =          "http://dx.doi.org/10.1002/andp.19053221004"
}
 
@book{latexcompanion,
    author    = "Michel Goossens and Frank Mittelbach and Alexander Samarin",
    title     = "The \LaTeX\ Companion",
    year      = "1993",
    publisher = "Addison-Wesley",
    address   = "Reading, Massachusetts"
}
 
@misc{knuthwebsite,
    author    = "Donald Knuth",
    title     = "Knuth: Computers and Typesetting",
    url       = "http://www-cs-faculty.stanford.edu/\~{}uno/abcde.html"
}

%Unity
%https://unity3d.com/unity
%https://conceptartempire.com/what-is-unity/

%Unreal Engine
%https://www.unrealengine.com/en-US/what-is-unreal-engine-4
%https://hub.packtpub.com/overview-unreal-engine/


%Python
%https://www.python.org/doc/essays/blurb/
%https://www.pythonforbeginners.com/learn-python/what-is-python/
%http://www.jmlr.org/papers/v12/pedregosa11a.html

%R
%https://www.r-project.org/about.html
%https://www.guru99.com/r-programming-introduction-basics.html
%https://link.springer.com/article/10.1007/s00180-008-0119-7

%Lisp
%https://www.tutorialspoint.com/lisp/
%https://courses.cs.vt.edu/~cs1104/TowerOfBabel/LISP/Lisp.outline.html
%https://ieeexplore.ieee.org/abstract/document/155366


%TCP
%https://searchnetworking.techtarget.com/definition/TCP
%https://www.sdxcentral.com/term/transmission-control-protocol-tcp/
%https://stackoverflow.com/questions/42531691/connecting-unity-simulation-with-python-controller-over-tcp

%Jupyter Notebooks
%https://jupyter.org/
%https://realpython.com/jupyter-notebook-introduction/
%https://books.google.ie/books?hl=en&lr=&id=Lgy3DAAAQBAJ&oi=fnd&pg=PA87&dq=jupyter+notebooks&ots=N1CY8LrBcm&sig=nInnpXySoaRth1sc95Xgh-S0fU4&redir_esc=y#v=onepage&q=jupyter%20notebooks&f=false